@inproceedings{Veitch:Wang:Blei:2019,
       author = {{Veitch}, Victor and {Wang}, Yixin and {Blei}, David M.},
        title = {Using Embeddings to Correct for Unobserved Confounding in Networks},
  booktitle={Advances in Neural Information Processing Systems},
  year={2019}
}

@inproceedings{Shi:Blei:Veitch:2019,
       author = {{Shi}, Claudia and {Blei}, David M. and {Veitch}, Victor},
        title = {Adapting Neural Networks for the Estimation of Treatment Effects},
  booktitle={Advances in Neural Information Processing Systems},
  year={2019}
}

@ARTICLE{Zaveri:Blei:Veitch:2019,
       author = {{Zaveri}, Anisha and {Blei}, David M. and {Veitch}, Victor},
        title = {Sense and Sensitivity Analysis: Simple Post-Hoc Analysis of Bias Due to Unobserved Confounding},
	  year={2019}
      journal = {preprint. Available on request.},
}


@ARTICLE{Veitch:Wang:Blei:2019,
       author = {{Veitch}, Victor and {Wang}, Yixin and {Blei}, David M.},
        title = {Using Embeddings to Correct for Unobserved Confounding in Networks},
      journal = {arXiv e-prints},
     keywords = {Computer Science - Machine Learning, Computer Science - Computation and Language, Statistics - Machine Learning},
         year = "2019",
        month = "May",
          eid = {arXiv:1905.12741},
        pages = {arXiv:1905.12741},
archivePrefix = {arXiv},
       eprint = {1905.12741},
 primaryClass = {cs.LG},
       adsurl = {https://ui.adsabs.harvard.edu/abs/2019arXiv190512741V},
      adsnote = {Provided by the SAO/NASA Astrophysics Data System}
}

@ARTICLE{Veitch:Sridhar:Blei:2019,
       author = {{Veitch}, Victor and {Sridhar}, Dhanya and {Blei}, David M.},
        title = {Using Text Embeddings for Causal Inference},
      journal = {arXiv e-prints},
     keywords = {Computer Science - Machine Learning, Computer Science - Computation and Language, Statistics - Machine Learning},
         year = "2019",
        month = "May",
          eid = {arXiv:1905.12741},
        pages = {arXiv:1905.12741},
archivePrefix = {arXiv},
       eprint = {1905.12741},
 primaryClass = {cs.LG},
       adsurl = {https://ui.adsabs.harvard.edu/abs/2019arXiv190512741V},
      adsnote = {Provided by the SAO/NASA Astrophysics Data System}
}

@article {Kang:Schafer:2007,
    AUTHOR = {Kang, Joseph D. Y. and Schafer, Joseph L.},
     TITLE = {Demystifying double robustness: a comparison of alternative
              strategies for estimating a population mean from incomplete
              data},
   JOURNAL = {Statist. Sci.},
  FJOURNAL = {Statistical Science. A Review Journal of the Institute of
              Mathematical Statistics},
    VOLUME = {22},
      YEAR = {2007},
    NUMBER = {4},
     PAGES = {523--539},
      ISSN = {0883-4237},
   MRCLASS = {Expansion},
  MRNUMBER = {2420458},
       DOI = {10.1214/07-STS227},
       URL = {https://doi.org/10.1214/07-STS227},
}

@article {Shalizi:Thomas:2011,
    AUTHOR = {Shalizi, Cosma Rohilla and Thomas, Andrew C.},
     TITLE = {Homophily and contagion are generically confounded in
              observational social network studies},
   JOURNAL = {Sociol. Methods Res.},
  FJOURNAL = {Sociological Methods \& Research},
    VOLUME = {40},
      YEAR = {2011},
    NUMBER = {2},
     PAGES = {211--239},
      ISSN = {0049-1241},
   MRCLASS = {Expansion},
  MRNUMBER = {2767833},
       DOI = {10.1177/0049124111404820},
       URL = {https://doi.org/10.1177/0049124111404820},
}


@article{Rosenbaum:Rubin:1983:1,
    author = {Rosenbaum, Paul R. and Rubin, Donal B.},
    title = {The central role of the propensity score in observational studies for causal effects},
    journal = {Biometrika},
    volume = {70},
    number = {1},
    pages = {41-55},
    year = {1983},
    month = {04},
    abstract = "{The propensity score is the conditional probability of assignment to a particular treatment given a vector of observed covariates. Both large and small sample theory show that adjustment for the scalar propensity score is sufficient to remove bias due to all observed covariates. Applications include: (i) matched sampling on the univariate propensity score, which is a generalization of discriminant matching, (ii) multivariate adjustment by subclassification on the propensity score where the same subclasses are used to estimate treatment effects for all outcome variables and in all subpopulations, and (iii) visual representation of multivariate covariance adjustment by a two- dimensional plot.}",
    issn = {0006-3444},
    doi = {10.1093/biomet/70.1.41},
    url = {https://doi.org/10.1093/biomet/70.1.41},
    eprint = {http://oup.prod.sis.lan/biomet/article-pdf/70/1/41/662954/70-1-41.pdf},
}

@incollection {Kennedy:2016,
    AUTHOR = {Kennedy, Edward H.},
     TITLE = {Semiparametric theory and empirical processes in causal
              inference},
 BOOKTITLE = {Statistical causal inferences and their applications in public
              health research},
    SERIES = {ICSA Book Ser. Stat.},
     PAGES = {141--167},
 PUBLISHER = {Springer, [Cham]},
      YEAR = {2016},
   MRCLASS = {62-02 (60F17 62A01 62E20 62F10 62G05 62G20)},
  MRNUMBER = {3617956},
}


@article{Pearl:2014,
author = {Pearl, Judea},
year = {2014},
month = {06},
pages = {},
title = {Interpretation and Identification of Causal Mediation},
volume = {19},
journal = {Psychological methods},
doi = {10.1037/a0036434}
}

@article{Cole:Hernan:2008,
  title={Constructing inverse probability weights for marginal structural models.},
  author={Stephen R Cole and Miguel A. Hern{\'a}n},
  journal={American Journal of Epidemiology},
  year={2008},
  volume={168 6},
  pages={656-64}
}

@InProceedings{damour:2019,
  title = 	 {On Multi-Cause Approaches to Causal Inference with Unobserved Counfounding: Two Cautionary Failure Cases and A Promising Alternative},
  author = 	 {Alexander D'Amour},
  booktitle = 	 {Proceedings of the 22nd International Conference on Artificial Intelligence and Statistics},
  year = 	 {2019}
}


@ARTICLE{Wang:Blei:2018,
       author = {{Wang}, Yixin and {Blei}, David M.},
        title = "{The Blessings of Multiple Causes}",
      journal = {arXiv e-prints},
     keywords = {Statistics - Machine Learning, Computer Science - Machine Learning, Statistics - Methodology},
         year = 2018,
        month = May,
          eid = {arXiv:1805.06826},
        pages = {arXiv:1805.06826},
archivePrefix = {arXiv},
       eprint = {1805.06826},
 primaryClass = {stat.ML},
       adsurl = {https://ui.adsabs.harvard.edu/\#abs/2018arXiv180506826W},
      adsnote = {Provided by the SAO/NASA Astrophysics Data System}
}



@article{Ranganath:Perotte:2018,
  title={Multiple Causal Inference with Latent Confounding},
  author={Ranganath, Rajesh and Perotte, Adler},
  journal={arXiv preprint arXiv:1805.08273},
  year={2018}
}


@article{Bickel:Klaassen:Ritov:Wellner:2000,
author = {P. J. Bickel and C. A. J. Klaassen and Y. Ritov and J. A. Wellner},
title = {Efficient and Adaptive Estimation for Semiparametric Models},
year = 2000,
month = {01},
pages = {157-160},
volume = {62},
journal = {SankhyƒÅ: The Indian Journal of Statistics, Series A},
doi = {10.2307/25051300}
}

@book{vanderLaan:Rose:2011,
author = {{van der Laan}, Mark and Rose, Sherri},
year = {2011},
month = {01},
title = {Targeted Learning: Causal Inference for Observational and Experimental Data},
isbn = {978-1-4419-9781-4},
doi = {10.1007/978-1-4419-9782-1}
}

@article{Chernozhukov:Chetverikov:Demirer:Duflo:Hansen:Newey:Robins:2017,
  title={Double/Debiased Machine Learning for Treatment and Structural parameters},
  author={Chernozhukov, Victor and Chetverikov, Denis and Demirer, Mert and Duflo, Esther and Hansen, Christian and Newey, Whitney and Robins, James},
  journal={The Econometrics Journal},
  year={2017},
  publisher={Wiley Online Library}
}

@article{Chernozhukov:Chetverikov:Demirer:Duflo:Hansen:Newey:2017,
Author = {Chernozhukov, Victor and Chetverikov, Denis and Demirer, Mert and Duflo, Esther and Hansen, Christian and Newey, Whitney},
Title = {Double/Debiased/Neyman Machine Learning of Treatment Effects},
Journal = {American Economic Review},
Volume = {107},
Number = {5},
Year = {2017},
Month = {May},
Pages = {261-65},
DOI = {10.1257/aer.p20171038},
URL = {http://www.aeaweb.org/articles?id=10.1257/aer.p20171038}}


@article{Robins:2000,
author = {Robins, J. M.},
year = {2000},
month = {01},
pages = {},
title = {Robust Estimation in Sequentially Ignorable Missing Data and Causal Inference Models},
volume = {1999},
journal = {ASA Proceedings of the Section on Bayesian Statistical Science}
}

@article{Robins:Rotnitzky:vanderLaan:2000,
 ISSN = {01621459},
 URL = {http://www.jstor.org/stable/2669391},
 author = {James M. Robins and Andrea Rotnitzky and Mark van der Laan},
 journal = {Journal of the American Statistical Association},
 number = {450},
 pages = {477--482},
 publisher = {[American Statistical Association, Taylor & Francis, Ltd.]},
 title = {On Profile Likelihood: Comment},
 volume = {95},
 year = {2000}
}


@article{Robins:Rotnitzky:Zhao:1994,
author = { James M. Robins  and  Andrea Rotnitzky  and  Lue   Ping   Zhao },
title = {Estimation of Regression Coefficients When Some Regressors are not Always Observed},
journal = {Journal of the American Statistical Association},
volume = {89},
number = {427},
pages = {846-866},
year  = {1994},
publisher = {Taylor & Francis},
doi = {10.1080/01621459.1994.10476818},

URL = { 
        https://doi.org/10.1080/01621459.1994.10476818
    
},
eprint = { 
        https://doi.org/10.1080/01621459.1994.10476818
    
}

}

@article{Miao:Geng:TchetgenTchetgen:2018,
author = {Miao, Wang and Geng, Zhi and Tchetgen Tchetgen, Eric J},
title = {Identifying causal effects with proxy variables of an unmeasured confounder},
journal = {Biometrika},
volume = {105},
number = {4},
pages = {987-993},
year = {2018},
doi = {10.1093/biomet/asy038},
URL = {http://dx.doi.org/10.1093/biomet/asy038},
eprint = {/oup/backfile/content_public/journal/biomet/105/4/10.1093_biomet_asy038/3/asy038.pdf}
}

@article{Kuroki:Miyakawa:1999,
  title={IDENTIFIABILITY CRITERIA FOR CAUSAL EFFECTS OF JOINT INTERVENTIONS},
  author={Manabu Kuroki and Masami Miyakawa},
  journal={Journal of the Japan Statistical Society},
  volume={29},
  number={2},
  pages={105-117},
  year={1999},
  doi={10.14490/jjss1995.29.105}
}



@ARTICLE{Pearl:2012,
       author = {{Pearl}, Judea},
        title = {On Measurement Bias in Causal Inference},
      journal = {arXiv e-prints},
     keywords = {Statistics - Methodology, Computer Science - Artificial Intelligence},
         year = 2012,
        month = Mar,
          eid = {arXiv:1203.3504},
        pages = {arXiv:1203.3504},
archivePrefix = {arXiv},
       eprint = {1203.3504},
 primaryClass = {stat.ME},
       adsurl = {https://ui.adsabs.harvard.edu/\#abs/2012arXiv1203.3504P},
      adsnote = {Provided by the SAO/NASA Astrophysics Data System}
}



@article{Kuroki:Pearl:2014,
author = {Kuroki, Manabu and Pearl, Judea},
title = {Measurement bias and effect restoration in causal inference},
journal = {Biometrika},
volume = {101},
number = {2},
pages = {423-437},
year = {2014},
doi = {10.1093/biomet/ast066},
URL = {http://dx.doi.org/10.1093/biomet/ast066},
eprint = {/oup/backfile/content_public/journal/biomet/101/2/10.1093/biomet/ast066/3/ast066.pdf}
}

@article{Ogburn:VanderWeele:2017,
author = "Ogburn, Elizabeth L. and VanderWeele, Tyler J.",
doi = "10.1214/17-AOAS1023",
fjournal = "The Annals of Applied Statistics",
journal = "Ann. Appl. Stat.",
month = "06",
number = "2",
pages = "919--948",
publisher = "The Institute of Mathematical Statistics",
title = "Vaccines, contagion, and social networks",
url = "https://doi.org/10.1214/17-AOAS1023",
volume = "11",
year = "2017"
}


@ARTICLE{Ogburn:Sofrygin:Diaz:vanderLaan:2017,
       author = {{Ogburn}, Elizabeth L. and {Sofrygin}, Oleg and {Diaz}, Ivan and {van
        der Laan}, Mark J.},
        title = "{Causal inference for social network data}",
      journal = {arXiv e-prints},
     keywords = {Statistics - Methodology, Mathematics - Statistics Theory},
         year = 2017,
        month = May,
          eid = {arXiv:1705.08527},
        pages = {arXiv:1705.08527},
archivePrefix = {arXiv},
       eprint = {1705.08527},
 primaryClass = {stat.ME},
       adsurl = {https://ui.adsabs.harvard.edu/\#abs/2017arXiv170508527O},
      adsnote = {Provided by the SAO/NASA Astrophysics Data System}
}


@Inbook{Ogburn:2018,
author="Ogburn, Elizabeth L.",
editor="Lehmann, Sune
and Ahn, Yong-Yeol",
title="Challenges to Estimating Contagion Effects from Observational Data",
bookTitle="Complex Spreading Phenomena in Social Systems: Influence and Contagion in Real-World Social Networks",
year="2018",
publisher="Springer International Publishing",
address="Cham",
pages="47--64",
abstract="A growing body of literature attempts to learn about contagion using observational (i.e., non-experimental) data collected from a single social network. While the conclusions of these studies may be correct, the methods rely on assumptions that are likely---and sometimes guaranteed to be---false, and therefore the evidence for the conclusions is often weaker than it seems. Developing methods that do not need to rely on implausible assumptions is an incredibly challenging and important open problem in statistics. Appropriate methods don't (yet!) exist, so researchers hoping to learn about contagion from observational social network data are sometimes faced with a dilemma: they can abandon their research program, or they can use inappropriate methods. This chapter will focus on the challenges and the open problems and will not weigh in on that dilemma, except to mention here that the most responsible way to use any statistical method, especially when it is well-known that the assumptions on which it rests do not hold, is with a healthy dose of skepticism, with honest acknowledgment and deep understanding of the limitations, and with copious caveats about how to interpret the results.",
isbn="978-3-319-77332-2",
doi="10.1007/978-3-319-77332-2_3",
url="https://doi.org/10.1007/978-3-319-77332-2_3"
}


@ARTICLE{TchetgenTchetgen:Fulcher:Shpitser:2017,
       author = {{Tchetgen Tchetgen}, Eric J. and {Fulcher}, Isabel and {Shpitser}, Ilya},
        title = {Auto-G-Computation of Causal Effects on a Network},
      journal = {arXiv e-prints},
     keywords = {Statistics - Methodology},
         year = 2017,
        month = Sep,
          eid = {arXiv:1709.01577},
        pages = {arXiv:1709.01577},
archivePrefix = {arXiv},
       eprint = {1709.01577},
 primaryClass = {stat.ME},
       adsurl = {https://ui.adsabs.harvard.edu/\#abs/2017arXiv170901577T},
      adsnote = {Provided by the SAO/NASA Astrophysics Data System}
}


@ARTICLE{Shalizi:McFowland:2016,
       author = {{Shalizi}, Cosma and {McFowland III}, Edward},
        title = {Estimating Causal Peer Influence in Homophilous Social Networks by Inferring Latent Locations},
      journal = {arXiv e-prints},
     keywords = {Statistics - Methodology, Computer Science - Social and Information Networks, Physics - Physics and Society},
         year = 2016,
        month = Jul,
          eid = {arXiv:1607.06565},
        pages = {arXiv:1607.06565},
archivePrefix = {arXiv},
       eprint = {1607.06565},
 primaryClass = {stat.ME},
       adsurl = {https://ui.adsabs.harvard.edu/\#abs/2016arXiv160706565R},
      adsnote = {Provided by the SAO/NASA Astrophysics Data System}
}


@article{kallenbergfoundations,
  title={Foundations of Modern Probability},
  year={1997},
  author={Kallenberg, O},
  journal={Collection: Probability and Its Applications, Springer}
}

@article{song2015testing,
  title={Testing for genetic associations in arbitrarily structured populations},
  author={Song, Minsun and Hao, Wei and Storey, John D},
  journal={Nature Genetics},
  volume={47},
  number={5},
  pages={550--554},
  year={2015},
  publisher={Nature Research}
}



@article{tran2017implicit,
  title={Implicit Causal Models for Genome-wide Association Studies},
  author={Tran, Dustin and Blei, David M},
  journal={arXiv preprint arXiv:1710.10742},
  year={2017}
}

@article{vanderweele2013definition,
  title={On the definition of a confounder},
  author={VanderWeele, Tyler J and Shpitser, Ilya},
  journal={The Annals of Statistics},
  pages={196--220},
  year={2013},
  publisher={JSTOR}
}

@inproceedings{Louizos:Shalit:Mooij:Sontag:Zemel:Welling:2017,
  title={Causal effect inference with deep latent-variable models},
  author={Louizos, Christos and Shalit, Uri and Mooij, Joris M and Sontag, David and Zemel, Richard and Welling, Max},
  booktitle={Advances in Neural Information Processing Systems},
  pages={6449--6459},
  year={2017}
}


@article{hirano2004propensity,
  title={The propensity score with continuous treatments},
  author={Hirano, Keisuke and Imbens, Guido W},
  journal={Applied Bayesian Modeling and Causal Inference from Incomplete-data Perspectives},
  volume={226164},
  pages={73--84},
  year={2004}
}


@inproceedings{stegle2010probabilistic,
  title={Probabilistic latent variable models for distinguishing between cause and effect},
  author={Mooij, Joris M and Stegle, Oliver and Janzing, Dominik and Zhang, Kun and Sch{\"o}lkopf, Bernhard},
  booktitle={Advances in Neural Information Processing Systems},
  pages={1687--1695},
  year={2010}
}

@inproceedings{zhang2009identifiability,
  title={On the identifiability of the post-nonlinear causal model},
  author={Zhang, Kun and Hyv{\"a}rinen, Aapo},
  booktitle={Proceedings of the Twenty-fifth Conference on Uncertainty in Artificial Intelligence},
  pages={647--655},
  year={2009},
  organization={AUAI Press}
}

@article{price2006principal,
  title={Principal components analysis corrects for stratification in genome-wide association studies},
  author={Price, Alkes L and Patterson, Nick J and Plenge, Robert M and Weinblatt, Michael E and Shadick, Nancy A and Reich, David},
  journal={Nature Genetics},
  volume={38},
  number={8},
  pages={904},
  year={2006},
  publisher={Nature Publishing Group}
}

@article{astle2009population,
  title={Population structure and cryptic relatedness in genetic association studies},
  author={Astle, William and Balding, David J and others},
  journal={Statistical Science},
  volume={24},
  number={4},
  pages={451--471},
  year={2009},
  publisher={Institute of Mathematical Statistics}
}


@article{yu2006unified,
  title={A unified mixed-model method for association mapping that accounts for multiple levels of relatedness},
  author={Yu, Jianming and Pressoir, Gael and Briggs, William H and Bi, Irie Vroh and Yamasaki, Masanori and Doebley, John F and McMullen, Michael D and Gaut, Brandon S and Nielsen, Dahlia M and Holland, James B and others},
  journal={Nature Genetics},
  volume={38},
  number={2},
  pages={203},
  year={2006},
  publisher={Nature Publishing Group}
}

@article{kang2010variance,
  title={Variance component model to account for sample structure in genome-wide association studies},
  author={Kang, Hyun Min and Sul, Jae Hoon and Zaitlen, Noah A and Kong, Sit-yee and Freimer, Nelson B and Sabatti, Chiara and Eskin, Eleazar and others},
  journal={Nature Genetics},
  volume={42},
  number={4},
  pages={348},
  year={2010},
  publisher={Nature Publishing Group}
}


@article{hao2015probabilistic,
  title={Probabilistic models of genetic variation in structured populations applied to global human studies},
  author={Hao, Wei and Song, Minsun and Storey, John D},
  journal={Bioinformatics},
  volume={32},
  number={5},
  pages={713--721},
  year={2015},
  publisher={Oxford University Press}
}

@article{rosenbaum1983central,
  title={The central role of the propensity score in observational studies for causal effects},
  author={Rosenbaum, Paul R and Rubin, Donald B},
  journal={Biometrika},
  volume={70},
  number={1},
  pages={41--55},
  year={1983},
  publisher={Oxford University Press}
}

@article{drake1993effects,
  title={Effects of misspecification of the propensity score on estimators of treatment effect},
  author={Drake, Christiana},
  journal={Biometrics},
  pages={1231--1236},
  year={1993},
  publisher={JSTOR}
}

@article{schneeweiss2009high,
  title={High-dimensional propensity score adjustment in studies of treatment effects using health care claims data},
  author={Schneeweiss, Sebastian and Rassen, Jeremy A and Glynn, Robert J and Avorn, Jerry and Mogun, Helen and Brookhart, M Alan},
  journal={Epidemiology},
  volume={20},
  number={4},
  pages={512},
  year={2009},
  publisher={NIH Public Access}
}

@article{mccaffrey2004propensity,
  title={Propensity score estimation with boosted regression for evaluating causal effects in observational studies.},
  author={McCaffrey, Daniel F and Ridgeway, Greg and Morral, Andrew R},
  journal={Psychological Methods},
  volume={9},
  number={4},
  pages={403},
  year={2004},
  publisher={US: American Psychological Association}
}

@article{lee2010improving,
  title={Improving propensity score weighting using machine learning},
  author={Lee, Brian K and Lessler, Justin and Stuart, Elizabeth A},
  journal={Statistics in Medicine},
  volume={29},
  number={3},
  pages={337--346},
  year={2010},
  publisher={Wiley Online Library}
}

@incollection{robins2000sensitivity,
  title={Sensitivity analysis for selection bias and unmeasured confounding in missing data and causal inference models},
  author={Robins, James M and Rotnitzky, Andrea and Scharfstein, Daniel O},
  booktitle={Statistical Models in Epidemiology, the Environment, and Clinical Trials},
  pages={1--94},
  year={2000},
  publisher={Springer}
}


@article{gilbert2003sensitivity,
  title={Sensitivity analysis for the assessment of causal vaccine effects on viral load in HIV vaccine trials},
  author={Gilbert, Peter B and Bosch, Ronald J and Hudgens, Michael G},
  journal={Biometrics},
  volume={59},
  number={3},
  pages={531--541},
  year={2003},
  publisher={Wiley Online Library}
}

@article{imai2013identification,
  title={Identification and sensitivity analysis for multiple causal mechanisms: Revisiting evidence from framing experiments},
  author={Imai, Kosuke and Yamamoto, Teppei},
  journal={Political Analysis},
  volume={21},
  number={2},
  pages={141--171},
  year={2013},
  publisher={Oxford University Press}
}

@article{imai2004causal,
  title={Causal inference with general treatment regimes: Generalizing the propensity score},
  author={Imai, Kosuke and Van Dyk, David A},
  journal={Journal of the American Statistical Association},
  volume={99},
  number={467},
  pages={854--866},
  year={2004},
  publisher={Taylor \& Francis}
}


@article{nmes1987,
  title={National Medical Expenditure Survey Series (NMES)},
  author={{US Department of Health and Human Services Public Health service}},
  year={1987}
}

@article{pritchard2000inference,
  title={Inference of population structure using multilocus genotype data},
  author={Pritchard, Jonathan K and Stephens, Matthew and Donnelly, Peter},
  journal={Genetics},
  volume={155},
  number={2},
  pages={945--959},
  year={2000},
  publisher={Genetics Soc America}
}

@article{foster2003human,
  title={Human genome diversity project (HGDP)},
  author={Foster, Morris W},
  journal={eLS},
  year={2003},
  publisher={Wiley Online Library}
}

@article{10002015global,
  title={A global reference for human genetic variation},
  author={1000 Genomes Project Consortium and others},
  journal={Nature},
  volume={526},
  number={7571},
  pages={68},
  year={2015},
  publisher={Nature Publishing Group}
}

@article{balding1995method,
  title={A method for quantifying differentiation between populations at multi-allelic loci and its implications for investigating identity and paternity},
  author={Balding, David J and Nichols, Richard A},
  journal={Genetica},
  volume={96},
  number={1-2},
  pages={3--12},
  year={1995},
  publisher={Springer}
}

@article{thorisson2005international,
  title={The international {HapMap} project web site},
  author={Thorisson, Gudmundur A and Smith, Albert V and Krishnan, Lalitha and Stein, Lincoln D},
  journal={Genome research},
  volume={15},
  number={11},
  pages={1592--1593},
  year={2005},
  publisher={Cold Spring Harbor Lab}
}

@book{rao1992identifiability,
  title={Identifiability in stochastic models: characterization of probability distributions},
  author={Rao, BLS Prakasa},
  year={1992},
  publisher={Academic Press}
}


@article{gelman1996posterior,
  title={Posterior predictive assessment of model fitness via realized discrepancies},
  author={Gelman, Andrew and Meng, Xiao-Li and Stern, Hal},
  journal={Statistica Sinica},
  pages={733--760},
  year={1996},
  publisher={JSTOR}
}

@article{rosenbaum1983central,
  title={The central role of the propensity score in observational studies for causal effects},
  author={Rosenbaum, Paul R and Rubin, Donald B},
  journal={Biometrika},
  volume={70},
  number={1},
  pages={41--55},
  year={1983},
  publisher={Oxford University Press}
}

@article{tipping1999probabilistic,
  title={Probabilistic principal component analysis},
  author={Tipping, Michael E and Bishop, Christopher M},
  journal={Journal of the Royal Statistical Society: Series B (Statistical Methodology)},
  volume={61},
  number={3},
  pages={611--622},
  year={1999},
  publisher={Wiley Online Library}
}

@inproceedings{gopalan2014content,
  title={Content-based recommendations with {P}oisson factorization},
  author={Gopalan, Prem K and Charlin, Laurent and Blei, David},
  booktitle={Advances in Neural Information Processing Systems},
  pages={3176--3184},
  year={2014}
}

@book{mclachlan2004finite,
  title={Finite mixture models},
  author={McLachlan, Geoffrey and Peel, David},
  year={2004},
  publisher={John Wiley \& Sons}
}

@inproceedings{ranganath2015deep,
  title={Deep exponential families},
  author={Ranganath, Rajesh and Tang, Linpeng and Charlin, Laurent and Blei, David},
  booktitle={Artificial Intelligence and Statistics},
  pages={762--771},
  year={2015}
}


@article{tran2016edward,
  author = {Dustin Tran and Alp Kucukelbir and Adji B. Dieng and Maja Rudolph and Dawen Liang and David M. Blei},
  title = {{E}dward: A library for probabilistic modeling, inference, and criticism},
  journal = {arXiv preprint arXiv:1610.09787},
  year = {2016}
}

@inproceedings{tran2017deep,
  author = {Dustin Tran and Matthew D. Hoffman and Rif A. Saurous and Eugene Brevdo and Kevin Murphy and David M. Blei},
  title = {Deep probabilistic programming},
  booktitle = {International Conference on Learning Representations},
  year = {2017}
}


@inproceedings{mohamed2009bayesian,
  title={Bayesian exponential family PCA},
  author={Mohamed, Shakir and Ghahramani, Zoubin and Heller, Katherine A},
  booktitle={Advances in Neural Information Processing Systems},
  pages={1089--1096},
  year={2009}
}


@inproceedings{collins2002generalization,
  title={A generalization of principal components analysis to the exponential family},
  author={Collins, Michael and Dasgupta, Sanjoy and Schapire, Robert E},
  booktitle={Advances in neural information processing systems},
  pages={617--624},
  year={2002}
}

@article{gopalan2013scalable,
  title={Scalable recommendation with poisson factorization},
  author={Gopalan, Prem and Hofman, Jake M and Blei, David M},
  journal={arXiv preprint arXiv:1311.1704},
  year={2013}
}

@inproceedings{gopalan2015scalable,
  title={Scalable Recommendation with Hierarchical {P}oisson Factorization.},
  author={Gopalan, Prem and Hofman, Jake M and Blei, David M},
  booktitle={Uncertainty in Artificial Intelligence},
  year=2015
}

@book{mclachlan1988mixture,
  title={Mixture models: Inference and applications to clustering},
  author={McLachlan, Geoffrey J and Basford, Kaye E},
  volume={84},
  year={1988},
  publisher={Marcel Dekker}
}


@article{airoldi2008mixed,
  title={Mixed membership stochastic blockmodels},
  author={Airoldi, Edoardo M and Blei, David M and Fienberg, Stephen E and Xing, Eric P},
  journal={Journal of Machine Learning Research},
  volume={9},
  number={Sep},
  pages={1981--2014},
  year={2008}
}

@article{blei2003latent,
  title={Latent (D)irichlet allocation},
  author={Blei, David M and Ng, Andrew Y and Jordan, Michael I},
  journal={Journal of Machine Learning Research},
  volume={3},
  number={Jan},
  pages={993--1022},
  year={2003}
}


@article{erosheva2003bayesian,
  title={Bayesian estimation of the grade of membership model},
  author={Erosheva, Elena A},
  journal={Bayesian Statistics},
  volume={7},
  pages={501--510},
  year={2003}
}


@article{pritchard2000inference,
  title={Inference of population structure using multilocus genotype data},
  author={Pritchard, Jonathan K and Stephens, Matthew and Donnelly, Peter},
  journal={Genetics},
  volume={155},
  number={2},
  pages={945--959},
  year={2000},
  publisher={Genetics Soc America}
}


@article{neal1990learning,
  title={Learning stochastic feedforward networks},
  author={Neal, Radford M},
  journal={Department of Computer Science, University of Toronto},
  volume={64},
  number={9},
  year={1990},
  publisher={Citeseer}
}

@inproceedings{ranganath2016hierarchical,
  title={Hierarchical variational models},
  author={Ranganath, Rajesh and Tran, Dustin and Blei, David},
  booktitle={International Conference on Machine Learning},
  pages={324--333},
  year={2016}
}


@article{tran2017deep,
  title={Deep and hierarchical implicit models},
  author={Tran, Dustin and Ranganath, Rajesh and Blei, David M},
  journal={arXiv preprint arXiv:1702.08896},
  year={2017}
}


@article{tran2016model,
  title={Model criticism for {B}ayesian causal inference},
  author={Tran, Dustin and Ruiz, Francisco JR and Athey, Susan and Blei, David M},
  journal={arXiv preprint arXiv:1610.09037},
  year={2016}
}


@article{rosenbaum1983central,
  title={The central role of the propensity score in observational studies for causal effects},
  author={Rosenbaum, Paul R and Rubin, Donald B},
  journal={Biometrika},
  volume={70},
  number={1},
  pages={41--55},
  year={1983},
  publisher={Oxford University Press}
}

@article{baron1986moderator,
  title={The moderator--mediator variable distinction in social psychological research: Conceptual, strategic, and statistical considerations.},
  author={Baron, Reuben M and Kenny, David A},
  journal={Journal of Personality and Social Psychology},
  volume={51},
  number={6},
  pages={1173},
  year={1986},
  publisher={American Psychological Association}
}


@article{yu2006unified,
  title={A unified mixed-model method for association mapping that accounts for multiple levels of relatedness},
  author={Yu, Jianming and Pressoir, Gael and Briggs, William H and Bi, Irie Vroh and Yamasaki, Masanori and Doebley, John F and McMullen, Michael D and Gaut, Brandon S and Nielsen, Dahlia M and Holland, James B and others},
  journal={Nature Genetics},
  volume={38},
  number={2},
  pages={203},
  year={2006},
  publisher={Nature Publishing Group}
}

@article{kang2008efficient,
  title={Efficient control of population structure in model organism association mapping},
  author={Kang, Hyun Min and Zaitlen, Noah A and Wade, Claire M and Kirby, Andrew and Heckerman, David and Daly, Mark J and Eskin, Eleazar},
  journal={Genetics},
  volume={178},
  number={3},
  pages={1709--1723},
  year={2008},
  publisher={Genetics Soc America}
}


@article{yang2014advantages,
  title={Advantages and pitfalls in the application of mixed-model association methods},
  author={Yang, Jian and Zaitlen, Noah A and Goddard, Michael E and Visscher, Peter M and Price, Alkes L},
  journal={Nature Genetics},
  volume={46},
  number={2},
  pages={100},
  year={2014},
  publisher={Nature Publishing Group}
}

@article{lippert2011fast,
  title={{FaST} linear mixed models for genome-wide association studies},
  author={Lippert, Christoph and Listgarten, Jennifer and Liu, Ying and Kadie, Carl M and Davidson, Robert I and Heckerman, David},
  journal={Nature Methods},
  volume={8},
  number={10},
  pages={833},
  year={2011},
  publisher={Nature Publishing Group}
}


@article{loh2015efficient,
  title={Efficient {B}ayesian mixed-model analysis increases association power in large cohorts},
  author={Loh, Po-Ru and Tucker, George and Bulik-Sullivan, Brendan K and Vilhjalmsson, Bjarni J and Finucane, Hilary K and Salem, Rany M and Chasman, Daniel I and Ridker, Paul M and Neale, Benjamin M and Berger, Bonnie and others},
  journal={Nature Genetics},
  volume={47},
  number={3},
  pages={284},
  year={2015},
  publisher={Nature Publishing Group}
}


@article{pritchard2000association,
  title={Association mapping in structured populations},
  author={Pritchard, Jonathan K and Stephens, Matthew and Rosenberg, Noah A and Donnelly, Peter},
  journal={The American Journal of Human Genetics},
  volume={67},
  number={1},
  pages={170--181},
  year={2000},
  publisher={Elsevier}
}

@article{falush2003inference,
  title={Inference of population structure using multilocus genotype data: linked loci and correlated allele frequencies},
  author={Falush, Daniel and Stephens, Matthew and Pritchard, Jonathan K},
  journal={Genetics},
  volume={164},
  number={4},
  pages={1567--1587},
  year={2003},
  publisher={Genetics Soc America}
}

@article{falush2007inference,
  title={Inference of population structure using multilocus genotype data: dominant markers and null alleles},
  author={Falush, Daniel and Stephens, Matthew and Pritchard, Jonathan K},
  journal={Molecular Ecology Resources},
  volume={7},
  number={4},
  pages={574--578},
  year={2007},
  publisher={Wiley Online Library}
}


@article{janzing2018detecting,
  title={Detecting non-causal artifacts in multivariate linear regression models},
  author={Janzing, Dominik and Sch{\"o}lkopf, Bernhard},
  journal={arXiv preprint arXiv:1803.00810},
  year={2018}
}


@article{Rubin:1984,
	Author = {Rubin, D.},
	Journal = {The Annals of Statistics},
	Number = {4},
	Pages = {1151--1172},
	Title = {Bayesianly Justifiable and Relevant Frequency Calculations for the Applied Statistician},
	Volume = {12},
	Year = {1984}}


@article{Gelman:1996,
	Author = {Gelman, A. and Meng, X. and Stern, H.},
	Journal = {Statistica Sinica},
	Pages = {733--807},
	Title = {Posterior Predictive Assessment of Model Fitness Via Realized Discrepancies},
	Volume = {6},
	Year = {1996}}

@techreport{Gelfand:1992,
	Author = {Gelfand, Alan E and Dey, Dipak K and Chang, Hong},
	Institution = {DTIC Document},
	Title = {Model determination using predictive distributions
                  with implementation via sampling-based methods},
	Year = {1992}}


@article{Dey:1998,
	Author = {Dey, D. and Gelfand, A. and Swartz, T. and Vlachos, P.},
	Journal = {Test},
	Title = {Simulation Based Model Checking for Hierarchical Models},
	Year = {1998}}


@article{Bayarri:2007,
	Author = {Bayarri, M. and Castellanos, M.},
	Journal = {Statistical Science},
	Pages = {322--343},
	Title = {Bayesian Checking of the Second Levels of Hierarchical Models},
	Volume = {22},
	Year = {2007}}



@book{Pearl:2009a,
	Author = {Pearl, J.},
	Edition = {2nd},
	Publisher = {Cambridge University Press},
	Title = {Causality},
	Year = {2009}}

@article{imai2010identification,
  title={Identification, inference and sensitivity analysis for causal mediation effects},
  author={Imai, Kosuke and Keele, Luke and Yamamoto, Teppei},
  journal={Statistical Science},
  pages={51--71},
  year={2010},
  publisher={JSTOR}
}


@article{weir1984estimating,
  title={Estimating F-statistics for the analysis of population structure},
  author={Weir, Bruce S and Cockerham, C Clark},
  journal={Evolution},
  volume={38},
  number={6},
  pages={1358--1370},
  year={1984},
  publisher={Wiley Online Library}
}


@article{rosenberg2002genetic,
  title={Genetic structure of human populations},
  author={Rosenberg, Noah A and Pritchard, Jonathan K and Weber, James L and Cann, Howard M and Kidd, Kenneth K and Zhivotovsky, Lev A and Feldman, Marcus W},
  journal={Science},
  volume={298},
  number={5602},
  pages={2381--2385},
  year={2002},
  publisher={American Association for the Advancement of Science}
}



@article{lee1999learning,
  title={Learning the parts of objects by non-negative matrix factorization},
  author={Lee, Daniel D and Seung, H Sebastian},
  journal={Nature},
  volume={401},
  number={6755},
  pages={788},
  year={1999},
  publisher={Nature Publishing Group}
}

@inproceedings{lee2001algorithms,
  title={Algorithms for non-negative matrix factorization},
  author={Lee, Daniel D and Seung, H Sebastian},
  booktitle={Advances in Neural Information Processing Systems},
  pages={556--562},
  year={2001}
}


@inproceedings{schmidt2009bayesian,
  title={Bayesian non-negative matrix factorization},
  author={Schmidt, Mikkel N and Winther, Ole and Hansen, Lars Kai},
  booktitle={International Conference on Independent Component Analysis and Signal Separation},
  pages={540--547},
  year={2009},
  organization={Springer}
}


@article{cemgil2009bayesian,
  title={Bayesian inference for nonnegative matrix factorization models},
  author={Cemgil, Ali Taylan},
  journal={Computational Intelligence and Neuroscience},
  volume={2009},
  year={2009},
  publisher={Hindawi}
}



@article{laird1982approximate,
  title={Approximate posterior distributions for incomplete data problems},
  author={Laird, Nan M and Louis, Thomas A},
  journal={Journal of the Royal Statistical Society. Series B (Methodological)},
  pages={190--200},
  year={1982},
  publisher={JSTOR}
}


@article{tierney1986accurate,
  title={Accurate approximations for posterior moments and marginal densities},
  author={Tierney, Luke and Kadane, Joseph B},
  journal={Journal of the American Statistical Association},
  volume={81},
  number={393},
  pages={82--86},
  year={1986},
  publisher={Taylor \& Francis Group}
}

@article{geisser1990validity,
  title={The validity of posterior expansions based on Laplace method},
  author={Geisser, S and Hodges, J and Press, S and ZeUner, A},
  journal={Bayesian and Likelihood Methods in Statistics and Econometrics},
  volume={7},
  pages={473},
  year={1990}
}


@article{hao2016probabilistic,
  title={Probabilistic models of genetic variation in structured populations applied to global human studies.},
  author={Hao, W and Song, M and Storey, JD},
  journal={Bioinformatics (Oxford, England)},
  volume={32},
  number={5},
  pages={713--721},
  year={2016},
  publisher={Oxford University Press}
}



@article{janzing2018detecting2,
  title={Detecting confounding in multivariate linear models via spectral analysis},
  author={Janzing, Dominik and Sch{\"o}lkopf, Bernhard},
  journal={Journal of Causal Inference},
  volume={6},
  number={1},
  year={2018},
  publisher={De Gruyter}
}


@article{liu2018confounder,
  title={Confounder Detection in High Dimensional Linear Models using First Moments of Spectral Measures},
  author={Liu, Furui and Chan, Laiwan},
  journal={arXiv preprint arXiv:1803.06852},
  year={2018}
}


@book{Peters2017,
author = {Peters, J. and Janzing, D. and Sch\"olkopf, B.},
title = {Elements of Causal Inference: Foundations and Learning Algorithms},
address = {Cambridge, MA, USA}, 
publisher = {MIT Press}, 
year = {2017}
}


@book{bollen1989structural,
  title={Structural equations with latent variables},
  author={Bollen, K.A.},
  year={1989},
  publisher={John Wiley \& Sons, Incorporated}
}


@article{rubin1980randomization,
  title={Randomization analysis of experimental data: The {F}isher randomization test comment},
  author={Rubin, Donald B},
  journal={Journal of the American Statistical Association},
  volume={75},
  number={371},
  pages={591--593},
  year={1980},
  publisher={JSTOR}
}

@article{rubin1990comment,
  title={Comment: {N}eyman (1923) and causal inference in experiments and observational studies},
  author={Rubin, Donald B},
  journal={Statistical Science},
  volume={5},
  number={4},
  pages={472--480},
  year={1990}
}


@article{mimno2015posterior,
  title={Posterior predictive checks to quantify lack-of-fit in admixture models of latent population structure},
  author={Mimno, David and Blei, David M and Engelhardt, Barbara E},
  journal={Proceedings of the National Academy of Sciences},
  volume={112},
  number={26},
  pages={E3441--E3450},
  year={2015},
  publisher={National Acad Sciences}
}


@book{Imbens:2015,
	Author = {Imbens, G. and Rubin, D.},
	Publisher = {Cambridge University Press},
	Title = {Causal Inference in Statistics, Social and Biomedical Sciences: {A}n Introduction},
	Year = {2015}}


@book{Morgan:2015,
	Author = {Morgan, S. and Winship, C.},
	Edition = {2nd},
	Publisher = {Cambridge University Press},
	Title = {Counterfactuals and Causal Inference},
	Year = {2015}}


@article{Holland:1986,
	Author = {Holland, P.},
	Journal = {Journal of the American Statistical Association},
	Number = {396},
	Pages = {945--960},
	Title = {Statistics and Causal Inference},
	Volume = {81},
	Year = {1986}}

@inproceedings{ranganath2014black,
  title={Black box variational inference},
  author={Ranganath, Rajesh and Gerrish, Sean and Blei, David},
  booktitle={Artificial Intelligence and Statistics},
  pages={814--822},
  year={2014}
}


@article{peters2016causal,
  title={Causal inference by using invariant prediction: identification and confidence intervals},
  author={Peters, Jonas and B{\"u}hlmann, Peter and Meinshausen, Nicolai},
  journal={Journal of the Royal Statistical Society: Series B (Statistical Methodology)},
  volume={78},
  number={5},
  pages={947--1012},
  year={2016},
  publisher={Wiley Online Library}
}


@article{haavelmo1944probability,
  title={The probability approach in econometrics},
  author={Haavelmo, Trygve},
  journal={Econometrica: Journal of the Econometric Society},
  pages={iii--115},
  year={1944},
  publisher={JSTOR}
}

@article{aldrich1989autonomy,
  title={Autonomy},
  author={Aldrich, John},
  journal={Oxford Economic Papers},
  volume={41},
  number={1},
  pages={15--34},
  year={1989},
  publisher={JSTOR}
}


@article{lanes1988logic,
  title={The logic of causal inference},
  author={Lanes, Stephan F},
  journal={Causal Inference. ERI, Boston},
  pages={59--75},
  year={1988}
}



@article{scholkopf2012causal,
  title={On causal and anticausal learning},
  author={Sch{\"o}lkopf, Bernhard and Janzing, Dominik and Peters, Jonas and Sgouritsa, Eleni and Zhang, Kun and Mooij, Joris},
  journal={arXiv preprint arXiv:1206.6471},
  year={2012}
}


@article{dawid2010identifying,
  title={Identifying the consequences of dynamic treatment strategies: A decision-theoretic overview},
  author={Dawid, A Philip and Didelez, Vanessa and others},
  journal={Statistics Surveys},
  volume={4},
  pages={184--231},
  year={2010},
  publisher={The author, under a Creative Commons Attribution License}
}



@article{sklar1959fonctions,
  title={Fonctions de repartition an dimensions et leurs marges},
  author={Sklar, M},
  journal={Publ. Inst. Statist. Univ. Paris},
  volume={8},
  pages={229--231},
  year={1959}
}

@article{ruschendorf2009distributional,
  title={On the distributional transform, {S}klar's theorem, and the empirical copula process},
  author={R{\"u}schendorf, Ludger},
  journal={Journal of Statistical Planning and Inference},
  volume={139},
  number={11},
  pages={3921--3927},
  year={2009},
  publisher={Elsevier}
}

@article{sober1976simplicity,
  title={Simplicity},
  author={Sober, Elliott},
  year={1976}
}


@article{bush2012genome,
  title={Genome-wide association studies},
  author={Bush, William S and Moore, Jason H},
  journal={PLoS Computational Biology},
  volume={8},
  number={12},
  pages={e1002822},
  year={2012},
  publisher={Public Library of Science}
}


@article{mohamed2016learning,
  title={Learning in implicit generative models},
  author={Mohamed, Shakir and Lakshminarayanan, Balaji},
  journal={arXiv preprint arXiv:1610.03483},
  year={2016}
}

@article{rezende2015variational,
  title={Variational inference with normalizing flows},
  author={Rezende, Danilo Jimenez and Mohamed, Shakir},
  journal={arXiv preprint arXiv:1505.05770},
  year={2015}
}


@article{kingma2013auto,
  title={Auto-encoding variational bayes},
  author={Kingma, Diederik P and Welling, Max},
  journal={arXiv preprint arXiv:1312.6114},
  year={2013}
}


@incollection{gelman1996model,
  title={Model checking and model improvement},
  author={Gelman, Andrew and Meng, Xiao-Li},
  booktitle={{M}arkov chain {M}onte {C}arlo in practice},
  pages={189--201},
  year={1996},
  publisher={Springer}
}


@article{arlot2010survey,
  title={A survey of cross-validation procedures for model selection},
  author={Arlot, Sylvain and Celisse, Alain and others},
  journal={Statistics Surveys},
  volume={4},
  pages={40--79},
  year={2010},
  publisher={The author, under a Creative Commons Attribution License}
}

@article{lunceford2004stratification,
  title={Stratification and weighting via the propensity score in estimation of causal treatment effects: a comparative study},
  author={Lunceford, Jared K and Davidian, Marie},
  journal={Statistics in Medicine},
  volume={23},
  number={19},
  pages={2937--2960},
  year={2004},
  publisher={Wiley Online Library}
}

@article{rubin1974estimating,
  title={Estimating causal effects of treatments in randomized and nonrandomized studies.},
  author={Rubin, Donald B},
  journal={Journal of Educational Psychology},
  volume={66},
  number={5},
  pages={688},
  year={1974},
  publisher={American Psychological Association}
}


@article{rubin2005causal,
  title={Causal inference using potential outcomes: Design, modeling, decisions},
  author={Rubin, Donald B},
  journal={Journal of the American Statistical Association},
  volume={100},
  number={469},
  pages={322--331},
  year={2005},
  publisher={Taylor \& Francis}
}


@book{Airoldi:2014,
	Editor = {Airoldi, E. and Blei, D. and Erosheva, E. and Fienberg, S.},
	Publisher = {CRC Press},
	Title = {Handbook of Mixed Membership Models and Their Applications},
	Year = {2014}}


@article{stephens2009bayesian,
  title={Bayesian statistical methods for genetic association studies},
  author={Stephens, Matthew and Balding, David J},
  journal={Nature Reviews Genetics},
  volume={10},
  number={10},
  pages={681},
  year={2009},
  publisher={Nature Publishing Group}
}


@article{visscher201710,
  title={10 years of {GWAS} discovery: biology, function, and translation},
  author={Visscher, Peter M and Wray, Naomi R and Zhang, Qian and Sklar, Pamela and McCarthy, Mark I and Brown, Matthew A and Yang, Jian},
  journal={The American Journal of Human Genetics},
  volume={101},
  number={1},
  pages={5--22},
  year={2017},
  publisher={Elsevier}
}


@article{sharma2016split,
  title={Split-door criterion for causal identification: Automatic search for natural experiments},
  author={Sharma, Amit and Hofman, Jake M and Watts, Duncan J},
  journal={arXiv preprint arXiv:1611.09414},
  year={2016}
}

@article{wager2017estimation,
  title={Estimation and inference of heterogeneous treatment effects using random forests},
  author={Wager, Stefan and Athey, Susan},
  journal={Journal of the American Statistical Association},
  number={just-accepted},
  year={2017},
  publisher={Taylor \& Francis}
}

@article{hill2011bayesian,
  title={Bayesian nonparametric modeling for causal inference},
  author={Hill, Jennifer L},
  journal={Journal of Computational and Graphical Statistics},
  volume={20},
  number={1},
  pages={217--240},
  year={2011},
  publisher={Taylor \& Francis}
}

@article{horvitz1952generalization,
  title={A generalization of sampling without replacement from a finite universe},
  author={Horvitz, Daniel G and Thompson, Donovan J},
  journal={Journal of the American Statistical Association},
  volume={47},
  number={260},
  pages={663--685},
  year={1952},
  publisher={Taylor \& Francis Group}
}


@techreport{heckman1998characterizing,
  title={Characterizing selection bias using experimental data},
  author={Heckman, James and Ichimura, Hidehiko and Smith, Jeffrey and Todd, Petra},
  year={1998},
  institution={National Bureau of Economic Research}
}

@article{dehejia2002propensity,
  title={Propensity score-matching methods for nonexperimental causal studies},
  author={Dehejia, Rajeev H and Wahba, Sadek},
  journal={Review of Economics and Statistics},
  volume={84},
  number={1},
  pages={151--161},
  year={2002},
  publisher={MIT Press}
}


@article{churchland2012neural,
  title={Neural population dynamics during reaching},
  author={Churchland, Mark M and Cunningham, John P and Kaufman, Matthew T and Foster, Justin D and Nuyujukian, Paul and Ryu, Stephen I and Shenoy, Krishna V},
  journal={Nature},
  volume={487},
  number={7405},
  pages={51},
  year={2012},
  publisher={Nature Publishing Group}
}

@misc{pearl1988probabilistic,
  title={Probabilistic reasoning in intelligent systems},
  author={Pearl, Judea},
  year={1988},
  publisher={Morgan Kauffman}
}



@article{imbens2000role,
  title={The role of the propensity score in estimating dose-response functions},
  author={Imbens, Guido W},
  journal={Biometrika},
  volume={87},
  number={3},
  pages={706--710},
  year={2000},
  publisher={Oxford University Press}
}


@article{GTEx2017,
title={{Genetic effects on gene expression across human tissues}},
author = {The {GTEx Consortium} and Battle*, Alexis and Brown*, Christopher D. and Engelhardt*, Barbara E. and Montgomery*, Stephen M.},
year = {2017},
volume={550},
pages={204--213},
journal = {Nature},
url={http://www.nature.com/‚Äãarticles/nature24277}
}


@article{JMLR:v18:15-143,
  author  = {Gregory Darnell and Stoyan Georgiev and Sayan Mukherjee and Barbara E Engelhardt},
  title   = {Adaptive Randomized Dimension Reduction on Massive Data},
  journal = {Journal of Machine Learning Research},
  year    = {2017},
  volume  = {18},
  number  = {140},
  pages   = {1-30},
  url     = {http://jmlr.org/papers/v18/15-143.html}
}




@article{ranganath2018multiple,
  title={Multiple Causal Inference with Latent Confounding},
  author={Ranganath, Rajesh and Perotte, Adler},
  journal={arXiv preprint arXiv:1805.08273},
  year={2018}
}


@book{long1983confirmatory,
  title={Confirmatory factor analysis: A preface to {LISREL}},
  author={Long, J Scott},
  volume={33},
  year={1983},
  publisher={Sage Publications}
}



@misc{alex2018blog,
  author={D'Amour, Alexander},
  title = {({N}on-)Identification in Latent Confounder Models},
  howpublished = {\url{http://www.alexdamour.com/blog/public/2018/05/18/non-identification-in-latent-confounder-models/}},
  note = {Accessed: 2018-05-29},
  year={2018}
}

@article{lopez2017estimation,
  title={Estimation of causal effects with multiple treatments: a review and new ideas},
  author={Lopez, Michael J and Gutman, Roee and others},
  journal={Statistical Science},
  volume={32},
  number={3},
  pages={432--454},
  year={2017},
  publisher={Institute of Mathematical Statistics}
}


@article{mccaffrey2013tutorial,
  title={A tutorial on propensity score estimation for multiple treatments using generalized boosted models},
  author={McCaffrey, Daniel F and Griffin, Beth Ann and Almirall, Daniel and Slaughter, Mary Ellen and Ramchand, Rajeev and Burgette, Lane F},
  journal={Statistics in Medicine},
  volume={32},
  number={19},
  pages={3388--3414},
  year={2013},
  publisher={Wiley Online Library}
}


@article{zanutto2005using,
  title={Using propensity score subclassification for multiple treatment doses to evaluate a national antidrug media campaign},
  author={Zanutto, Elaine and Lu, Bo and Hornik, Robert},
  journal={Journal of Educational and Behavioral Statistics},
  volume={30},
  number={1},
  pages={59--73},
  year={2005},
  publisher={Sage Publications Sage CA: Los Angeles, CA}
}


@article{rassen2011simultaneously,
  title={Simultaneously assessing intended and unintended treatment effects of multiple treatment options: a pragmatic ``matrix design''},
  author={Rassen, Jeremy A and Solomon, Daniel H and Glynn, Robert J and Schneeweiss, Sebastian},
  journal={Pharmacoepidemiology and Drug Safety},
  volume={20},
  number={7},
  pages={675--683},
  year={2011},
  publisher={Wiley Online Library}
}

@incollection{lechner2001identification,
  title={Identification and estimation of causal effects of multiple treatments under the conditional independence assumption},
  author={Lechner, Michael},
  booktitle={Econometric Evaluation of Labor Market Policies},
  pages={43--58},
  year={2001},
  publisher={Springer}
}


@article{feng2012generalized,
  title={Generalized propensity score for estimating the average treatment effect of multiple treatments},
  author={Feng, Ping and Zhou, Xiao-Hua and Zou, Qing-Ming and Fan, Ming-Yu and Li, Xiao-Song},
  journal={Statistics in Medicine},
  volume={31},
  number={7},
  pages={681--697},
  year={2012},
  publisher={Wiley Online Library}
}



@book{meurant2012identifiability,
  title={Identifiability In Stochastic Models},
  author={Meurant, Gerard},
  year={2012},
  publisher={Academic Press}
}


@article{verbeke2017modeling,
  title={Modeling Through Latent Variables},
  author={Verbeke, Geert and Molenberghs, Geert},
  journal={Annual Review of Statistics and Its Application},
  volume={4},
  pages={267--282},
  year={2017},
  publisher={Annual Reviews}
}



@article{kocaoglu2017causalgan,
  title={{CausalGAN}: Learning Causal Implicit Generative Models with Adversarial Training},
  author={Kocaoglu, Murat and Snyder, Christopher and Dimakis, Alexandros G and Vishwanath, Sriram},
  journal={arXiv preprint arXiv:1709.02023},
  year={2017}
}


@article{miao2016identifying,
  title={Identifying causal effects with proxy variables of an unmeasured confounder},
  author={Miao, Wang and Geng, Zhi and Tchetgen, Eric Tchetgen},
  journal={arXiv preprint arXiv:1609.08816},
  year={2016}
}


@book{keener2011theoretical,
  title={Theoretical statistics: Topics for a core course},
  author={Keener, Robert W},
  year={2011},
  publisher={Springer}
}


@article{anandkumar2014tensor,
  title={Tensor decompositions for learning latent variable models},
  author={Anandkumar, Animashree and Ge, Rong and Hsu, Daniel and Kakade, Sham M and Telgarsky, Matus},
  journal={Journal of Machine Learning Research},
  volume={15},
  number={1},
  pages={2773--2832},
  year={2014},
  publisher={JMLR. org}
}


@article{heckerman2018accounting,
  title={Accounting for hidden common causes when infering cause and effect from observational data},
  author={Heckerman, David},
  journal={arXiv preprint arXiv:1801.00727},
  year={2018}
}
